@ARTICLE{A,
  author = {Dzmitry Bahdanau and KyungHyun Cho and Yoshua Bengio},
  title = {Neural Machine Translation by Jointly Learning to Align and Translate},
  journal = {ICLR 2015},
  year = {2014}
}

@ARTICLE{B,
  author = {Kyunghyun Cho and Bart van Merrienboer and Caglar Gulcehre and Dzmitry Bahdanau and Fethi Bougares and Holger Schwenk and Yoshua Bengio},
  title = {Learning Phrase Representations using RNN Encoder–Decoder
for Statistical Machine Translation},
  journal = {EMNLP 2014},
  year = {2014}
}

@ARTICLE{C,
  author = {Kyunghyun Cho and Bart van Merrienboer and Dzmitry Bahdanau, Yoshua Bengio},
  title = {On the Properties of Neural Machine Translation: Encoder-Decoder Approaches},
  journal = {Eighth Workshop on Syntax, Semantics and Structure in Statistical Translation},
  year = {2014}
}

@ARTICLE{D,
  author = {Philipp Koehn and Hieu Hoang and Alexandra Birch and Chris Callison-Burch and Marcello Federico and Nicola Bertoldi and Brooke Cowan and Wade Shen and Christine Moran and Richard Zens and Chris Dyer and Ondřej Bojar and Alexandra Constantin and Evan Herbst},
  title = {Moses: Open Source Toolkit for Statistical Machine Translation},
  journal = {ACL 2007},
  year = {2007}
}

@ARTICLE{E,
  author = {Kishore Papineni and Salim Roukos and Todd Ward and Wei-Jing Zhu},
  title = {BLEU: a Method for Automatic Evaluation of Machine Translation},
  journal = {ACL 2002},
  year = {2002}
}
